<?xml version="1.0" encoding="UTF-8"?><collection xmlns="http://www.loc.gov/MARC21/slim"><record><leader>00599nam--2200205-u-4500</leader><controlfield tag="001">000053917</controlfield><controlfield tag="002">20161230</controlfield><controlfield tag="005">20161230201051</controlfield><controlfield tag="008">110707s1000------------r-----000-0-rus-d</controlfield><datafield ind1=" " ind2=" " tag="040"><subfield code="a">IFIN-HH</subfield></datafield><datafield ind1=" " ind2=" " tag="041"><subfield code="a">rus</subfield></datafield><datafield ind1=" " ind2=" " tag="080"><subfield code="a">537.226.86=03.20=82</subfield></datafield><datafield ind1="1" ind2=" " tag="100"><subfield code="a">Burfoot, Jack C</subfield></datafield><datafield ind1="1" ind2="0" tag="245"><subfield code="a">Poliarnie dielektriki i ikh primenenia</subfield><subfield code="c">Jack c. burfoot; george w. taylor</subfield></datafield><datafield ind1=" " ind2=" " tag="260"><subfield code="a">Moskva</subfield><subfield code="b">Mir</subfield><subfield code="c">1981</subfield></datafield><datafield ind1=" " ind2=" " tag="300"><subfield code="a">526P</subfield></datafield><datafield ind1=" " ind2=" " tag="500"><subfield code="a">Titlul Original In Limba Engleza: Polar Dielectrics And Their Applications</subfield></datafield><datafield ind1="1" ind2=" " tag="700"><subfield code="a">Taylor, George W</subfield></datafield><datafield ind1=" " ind2=" " tag="852"><subfield code="a">49986</subfield><subfield code="c">537.226</subfield></datafield><datafield ind1=" " ind2=" " tag="CAT"><subfield code="a">Sys</subfield><subfield code="c">20110707</subfield><subfield code="h">101206</subfield></datafield></record></collection>